<record><leader>00000cas a2200000 a 4500</leader><controlfield tag="001">37356393</controlfield><controlfield tag="008">970725d18951903oruwr ne      0    0eng c</controlfield><datafield ind1=" " ind2=" " tag="010"><subfield code="a">sn 96088077 </subfield></datafield><datafield ind1=" " ind2=" " tag="040"><subfield code="a">OCN</subfield><subfield code="b">eng</subfield><subfield code="c">OCN</subfield><subfield code="d">OCLCQ</subfield><subfield code="d">OCLCF</subfield><subfield code="d">OCLCO</subfield></datafield><datafield ind1="1" ind2=" " tag="029"><subfield code="a">AU@</subfield><subfield code="b">000013408209</subfield></datafield><datafield ind1=" " ind2=" " tag="042"><subfield code="a">pcc</subfield></datafield><datafield ind1=" " ind2=" " tag="043"><subfield code="a">n-us-or</subfield></datafield><datafield ind1="0" ind2=" " tag="130"><subfield code="a">Leader (Cottage Grove, Or.)</subfield></datafield><datafield ind1="1" ind2="4" tag="245"><subfield code="a">The Leader.</subfield></datafield><datafield ind1="1" ind2="3" tag="246"><subfield code="a">Cottage Grove leader</subfield></datafield><datafield ind1=" " ind2=" " tag="260"><subfield code="a">Cottage Grove, Lane County, Or. :</subfield><subfield code="b">E.P. Thorp,</subfield><subfield code="c">1895-1903.</subfield></datafield><datafield ind1=" " ind2=" " tag="300"><subfield code="a">v.</subfield></datafield><datafield ind1=" " ind2=" " tag="310"><subfield code="a">Weekly</subfield></datafield><datafield ind1="0" ind2=" " tag="362"><subfield code="a">Vol. 7, no. 27 (Dec. 7, 1895)-v. 14, no. 46 (Mar. 6, 1903).</subfield></datafield><datafield ind1=" " ind2="0" tag="651"><subfield code="a">Cottage Grove (Or.)</subfield><subfield code="v">Newspapers.</subfield></datafield><datafield ind1=" " ind2="7" tag="655"><subfield code="a">Newspapers.</subfield><subfield code="2">fast</subfield><subfield code="0">(OCoLC)fst01423814</subfield></datafield><datafield ind1=" " ind2="7" tag="651"><subfield code="a">Oregon</subfield><subfield code="z">Cottage Grove.</subfield><subfield code="2">fast</subfield><subfield code="0">(OCoLC)fst01221458</subfield></datafield><datafield ind1=" " ind2=" " tag="752"><subfield code="a">United States</subfield><subfield code="b">Oregon</subfield><subfield code="c">Lane</subfield><subfield code="d">Cottage Grove.</subfield></datafield><datafield ind1="0" ind2="0" tag="780"><subfield code="t">Cottage Grove and Lemati echo=leader</subfield><subfield code="w">(DLC)sn 96088078</subfield></datafield><datafield ind1="0" ind2="0" tag="785"><subfield code="t">Lane County leader</subfield><subfield code="w">(DLC)sn 96088076</subfield></datafield></record>